<?xml version="1.0" encoding="UTF-8"?><record xmlns="http://www.loc.gov/MARC21/slim" xmlns:cinclude="http://apache.org/cocoon/include/1.0" xmlns:zs="http://www.loc.gov/zing/srw/">
  <leader>00613cz  a2200157n  4500</leader>
  <controlfield tag="001">n  80131988 </controlfield>
  <controlfield tag="003">DLC</controlfield>
  <controlfield tag="005">20011201072656.0</controlfield>
  <controlfield tag="008">801020n| acannaabn          |n aaa      </controlfield>
  <datafield tag="010" ind1=" " ind2=" ">
    <subfield code="a">n  80131988 </subfield>
  </datafield>
  <datafield tag="035" ind1=" " ind2=" ">
    <subfield code="a">(OCoLC)oca00512346</subfield>
  </datafield>
  <datafield tag="040" ind1=" " ind2=" ">
    <subfield code="a">DLC</subfield>
    <subfield code="b">eng</subfield>
    <subfield code="c">DLC</subfield>
    <subfield code="d">DLC</subfield>
    <subfield code="d">OCoLC</subfield>
  </datafield>
  <datafield tag="053" ind1=" " ind2="0">
    <subfield code="a">PQ7297.B292</subfield>
  </datafield>
  <datafield tag="100" ind1="1" ind2=" ">
    <subfield code="a">Becerra, Marcos E.</subfield>
  </datafield>
  <datafield tag="670" ind1=" " ind2=" ">
    <subfield code="a">His Nombres geograficos del estado de Tabasco de la Republica Mexicana, 1909.</subfield>
  </datafield>
  <datafield tag="670" ind1=" " ind2=" ">
    <subfield code="a">His Por la ruta histórica de México, Centroamérica i las Antillas, 1987- :</subfield>
    <subfield code="b">v. 3, t.p. (Marcos E. Becerra) p. 375 (b. 4/25/1870, Teapa, Tabasco (Mexico)) p. 401 (d. Jan. 7, 1940)</subfield>
  </datafield>
</record>